%% This BibTeX bibliography file was created using BibDesk.
%% https://bibdesk.sourceforge.io/

%% Created for Simon Mettler at 2018-12-27 17:52:21 +0100 


%% Saved with string encoding Unicode (UTF-8) 

@book{jlb-babel,
	Author = {Jorge Luis Borges},
	Date-Added = {2018-12-27 17:50:29 +0100},
	Date-Modified = {2018-12-27 17:50:55 +0100},
	Isbn = {3868813128},
	Publisher = {Redline Wirtschaft},
	Title = {Die Information},
	Year = {2011}
}
